"Data operacji","Data waluty","Typ transakcji","Kwota","Waluta","Saldo po transakcji","Opis transakcji","","","","",""
"2020-11-21","2020-11-19","Płatność kartą","-24.08","PLN","+1954.83","Tytuł: 010061097 74169500324533250666997","Lokalizacja: Kraj: POLSKA Miasto: WARSZAWA Adres: CARREFOUR SUPERMARKET","Data i czas operacji: 2020-11-19","Oryginalna kwota operacji: 24,08 PLN","Numer karty: 425125******7471",""
"2020-11-21","2020-11-19","Płatność kartą","-33.39","PLN","+1978.91","Tytuł: 000414361 74143610325002116444624","Lokalizacja: Kraj: POLSKA Miasto: HELP.UBER.COM Adres: UBER   *EATS","Data i czas operacji: 2020-11-19","Oryginalna kwota operacji: 33,39 PLN","Numer karty: 425125******7471",""
"2020-11-20","2020-11-19","Płatność web - kod mobilny","-25.00","PLN","+2012.30","Numer telefonu: +48 605 853 333 ","Lokalizacja: Adres: pyszne.pl","Data i czas operacji: 2020-11-19 15:48:14","Numer referencyjny: 00000055519797014","",""
"2020-11-20","2020-11-18","Płatność kartą","-31.54","PLN","+2037.30","Tytuł: 010061097 74169500323523248955132","Lokalizacja: Kraj: POLSKA Miasto: WARSZAWA Adres: CARREFOUR SUPERMARKET","Data i czas operacji: 2020-11-18","Oryginalna kwota operacji: 31,54 PLN","Numer karty: 425125******7471",""
"2020-11-19","2020-11-18","Płatność web - kod mobilny","-44.00","PLN","+2068.84","Numer telefonu: +48 605 853 333 ","Lokalizacja: Adres: pyszne.pl","Data i czas operacji: 2020-11-18 14:49:41","Numer referencyjny: 00000055496234708","",""
"2020-11-18","2020-11-17","Płatność kartą","-26.10","PLN","+2112.84","Tytuł: 000483849 74838490321273956430368","Lokalizacja: Kraj: POLSKA Miasto: WARSZAWA Adres: RESTAURACJA VIA SUZINA","Data i czas operacji: 2020-11-17 18:20:53","Oryginalna kwota operacji: 26,10 PLN","Numer karty: 425125******7471",""
"2020-11-18","2020-11-16","Płatność kartą","-33.00","PLN","+2138.94","Tytuł: 000498849 74230780321086656185092","Lokalizacja: Kraj: POLSKA Miasto: WARSZAWA Adres: RESTAURACJA THAISTRY","Data i czas operacji: 2020-11-16","Oryginalna kwota operacji: 33,00 PLN","Numer karty: 425125******7471",""
"2020-11-18","2020-11-16","Płatność kartą","-20.71","PLN","+2171.94","Tytuł: 010061097 74169500321523227748294","Lokalizacja: Kraj: POLSKA Miasto: WARSZAWA Adres: CARREFOUR SUPERMARKET","Data i czas operacji: 2020-11-16","Oryginalna kwota operacji: 20,71 PLN","Numer karty: 425125******7471",""
"2020-11-17","2020-11-16","Płatność web - kod mobilny","-61.98","PLN","+2192.65","Numer telefonu: +48 605 853 333 ","Lokalizacja: Adres: allegro.pl","Data i czas operacji: 2020-11-16 13:05:00","Numer referencyjny: 00000055453671787","",""
"2020-11-17","2020-11-16","Płatność kartą","-7.79","PLN","+2254.63","Tytuł: 000483849 74838490321273712333898","Lokalizacja: Kraj: POLSKA Miasto: Warszawa Adres: ROSSMANN 89","Data i czas operacji: 2020-11-16 15:41:28","Oryginalna kwota operacji: 7,79 PLN","Numer karty: 425125******7471",""
"2020-11-17","2020-11-15","Płatność kartą","-13.99","PLN","+2262.42","Tytuł: 000498707 74987070321007252249240","Lokalizacja: Kraj: ESTONIA Miasto: Tallinn Adres: bolt.eu","Data i czas operacji: 2020-11-15","Oryginalna kwota operacji: 13,99 PLN","Numer karty: 425125******7471",""
"2020-11-16","2020-11-14","Płatność kartą","-14.60","PLN","+2276.41","Tytuł: 000498849 74230780319086600891864","Lokalizacja: Kraj: POLSKA Miasto: WARSZAWA Adres: ZABKA Z4898 K.2","Data i czas operacji: 2020-11-14","Oryginalna kwota operacji: 14,60 PLN","Numer karty: 425125******7471",""
"2020-11-16","2020-11-14","Płatność kartą","-12.03","PLN","+2291.01","Tytuł: 010061097 74169500319523207902907","Lokalizacja: Kraj: POLSKA Miasto: WARSZAWA Adres: CARREFOUR SUPERMARKET","Data i czas operacji: 2020-11-14","Oryginalna kwota operacji: 12,03 PLN","Numer karty: 425125******7471",""
"2020-11-16","2020-11-14","Płatność kartą","-24.50","PLN","+2303.04","Tytuł: 74162430320104082881377","Lokalizacja: Kraj: POLSKA Miasto: WARSZAWA Adres: BYCHAWSKI & NOSOWICZ SP","Data i czas operacji: 2020-11-14","Oryginalna kwota operacji: 24,50 PLN","Numer karty: 425125******7471",""
"2020-11-16","2020-11-16","Przelew z rachunku","-15.00","PLN","+2327.54","Rachunek odbiorcy: 85 1140 2004 0000 3202 8051 8273","Nazwa odbiorcy: MATEUSZ RUDZKI","Tytuł: PIŁECZKA","Referencje własne zleceniodawcy: 172275503937","",""
"2020-11-15","2020-11-13","Płatność kartą","-8.50","PLN","+2342.54","Tytuł: 010061097 74169500318533192229712","Lokalizacja: Kraj: POLSKA Miasto: WARSZAWA Adres: CARREFOUR SUPERMARKET","Data i czas operacji: 2020-11-13","Oryginalna kwota operacji: 8,50 PLN","Numer karty: 425125******7471",""
"2020-11-14","2020-11-14","Przelew z rachunku","-3.40","PLN","+2351.04","Nazwa odbiorcy: MOBILE-TRAFFIC-DATA SP. Z O. O.","Adres odbiorcy: UL. DRUŻBICKIEGO 11 61-693 POZNAŃ","Tytuł: ZAKUP BILETU KOMUNIKACYJNEGO W APLI KACJI IKO","Referencje własne zleceniodawcy: 172274738828","",""
"2020-11-14","2020-11-14","Przelew z rachunku","-6.80","PLN","+2354.44","Nazwa odbiorcy: MOBILE-TRAFFIC-DATA SP. Z O. O.","Adres odbiorcy: UL. DRUŻBICKIEGO 11 61-693 POZNAŃ","Tytuł: ZAKUP BILETU KOMUNIKACYJNEGO W APLI KACJI IKO","Referencje własne zleceniodawcy: 172274431392","",""
"2020-11-14","2020-11-12","Płatność kartą","-92.70","PLN","+2361.24","Tytuł: 010061097 74169500316553179929920","Lokalizacja: Kraj: POLSKA Miasto: WARSZAWA Adres: CARREFOUR HIPERMARKET","Data i czas operacji: 2020-11-12","Oryginalna kwota operacji: 92,70 PLN","Numer karty: 425125******7471",""
"2020-11-12","2020-11-11","Płatność web - kod mobilny","-51.00","PLN","+2453.94","Numer telefonu: +48 605 853 333 ","Lokalizacja: Adres: mtel mail zielona faktura","Data i czas operacji: 2020-11-11 15:00:43","Numer referencyjny: 00000055356867156","",""
"2020-11-12","2020-11-11","Płatność web - kod mobilny","-32.29","PLN","+2504.94","Numer telefonu: +48 605 853 333 ","Lokalizacja: Adres: ebok.upc.pl/","Data i czas operacji: 2020-11-11 14:59:53","Numer referencyjny: 00000055353743904","",""
"2020-11-12","2020-11-12","Przelew na rachunek","+50.00","PLN","+2537.23","Rachunek nadawcy: 15 1140 2004 0000 3002 7522 9348","Nazwa nadawcy: ANNA KUJAWA","Adres nadawcy: UL.J.DĄBROWSKIEGO 27 M.4 02-561 WARSZAWA","Tytuł: ZAKUPKI","",""
"2020-11-12","2020-11-10","Płatność kartą","-11.00","PLN","+2487.23","Tytuł: 74378830315043412970476","Lokalizacja: Kraj: POLSKA Miasto: Warszawa Adres: WYDAWNICTWO PWM","Data i czas operacji: 2020-11-10","Oryginalna kwota operacji: 11,00 PLN","Numer karty: 425125******7471",""
"2020-11-12","2020-11-10","Płatność kartą","-49.50","PLN","+2498.23","Tytuł: 010061097 74169500314563152359609","Lokalizacja: Kraj: POLSKA Miasto: WARSZAWA Adres: CARREFOUR EXPRESS 3352","Data i czas operacji: 2020-11-10","Oryginalna kwota operacji: 49,50 PLN","Numer karty: 425125******7471",""
"2020-11-12","2020-11-10","Płatność kartą","-47.68","PLN","+2547.73","Tytuł: 010061097 74169500314563152359591","Lokalizacja: Kraj: POLSKA Miasto: WARSZAWA Adres: CARREFOUR EXPRESS 3352","Data i czas operacji: 2020-11-10","Oryginalna kwota operacji: 47,68 PLN","Numer karty: 425125******7471",""
"2020-11-12","2020-11-12","Przelew z rachunku","-18.22","PLN","+2595.41","Rachunek odbiorcy: 65 1020 1026 5555 0074 9248 0000","Nazwa odbiorcy: PGNIG OBRÓT DETALICZNY SP. Z O.O.","Tytuł: FAKTURA PROFORMA NR VFP/002146034/20","","",""
"2020-11-12","2020-11-12","Przelew z rachunku","-62.11","PLN","+2613.63","Rachunek odbiorcy: 59 1240 6960 1701 0800 0009 2644","Nazwa odbiorcy: INNOGY POLSKA S.A.","Tytuł: PRZELEW ŚRODKÓW","","",""
"2020-11-12","2020-11-12","Przelew do ZUS","-483.46","PLN","+2675.74","Rachunek odbiorcy: 12 6000 0002 0262 0002 4085 3980","Nazwa odbiorcy: ZUS","Tytuł: SKŁADKA PAŹDZIERNIK 2020","","",""
"2020-11-12","2020-11-12","Przelew z rachunku","-1700.00","PLN","+3159.20","Rachunek odbiorcy: 59 1030 0019 0109 8518 0005 7069","Nazwa odbiorcy: LIDIA STAŃCZAK-IWON","Tytuł: OPŁATA ZA LISTOPAD","","",""
"2020-11-12","2020-11-12","Przelew z rachunku","-2060.80","PLN","+4859.20","Rachunek odbiorcy: 40 1090 2587 0000 0001 3623 5381","Nazwa odbiorcy: NORBERT SKUMBIN","Tytuł: LISTOPAD","","",""
"2020-11-11","2020-11-11","Przelew z rachunku","-493.12","PLN","+6920.00","Rachunek odbiorcy: 91 1020 1026 0000 1702 0438 9946","Nazwa odbiorcy: NORBERT SKUMBIN","Tytuł: PRZELEW ŚRODKÓW","","",""
"2020-11-11","2020-11-09","Płatność kartą","-35.09","PLN","+7413.12","Tytuł: 010061097 74169500314523158271232","Lokalizacja: Kraj: POLSKA Miasto: WARSZAWA Adres: CARREFOUR SUPERMARKET","Data i czas operacji: 2020-11-09","Oryginalna kwota operacji: 35,09 PLN","Numer karty: 425125******7471",""
"2020-11-10","2020-11-10","Przelew z rachunku","-31.00","PLN","+7448.21","Rachunek odbiorcy: 28 1160 2202 0000 0002 6237 7249","Nazwa odbiorcy: MICHAŁ KOŚCIUKIEWICZ","Tytuł: NASZE MIEJSCE","","",""
"2020-11-10","2020-11-10","Przelew na rachunek","+6951.00","PLN","+7479.21","Rachunek nadawcy: 24 1140 1010 0000 2941 3800 1001","Nazwa nadawcy: CHIMERA PRIME SPÓŁKA Z OGRANICZONĄ ODPOWIEDZIALNOŚCIĄ","Adres nadawcy: UL. ZŁOTA 59 00-120 WARSZAWA PL","Tytuł: Umowa o dzielo","",""
"2020-11-10","2020-11-08","Płatność kartą","-19.99","PLN","+528.21","Tytuł: 010062941 74987500313003201078737","Lokalizacja: Kraj: SZWECJA Miasto: Stockholm Adres: Spotify P1210702A8","Data i czas operacji: 2020-11-08","Oryginalna kwota operacji: 19,99 PLN","Numer karty: 425125******7471",""
"2020-11-09","2020-11-09","Przelew z rachunku","-18.00","PLN","+548.20","Rachunek odbiorcy: 85 1140 2004 0000 3202 8051 8273","Nazwa odbiorcy: MATEUSZ RUDZKI","Tytuł: PIŁECZKA + 3ZL ZA TYPA CO W CHUJKA LECI","Referencje własne zleceniodawcy: 172269417308","",""
"2020-11-09","2020-11-08","Płatność web - kod mobilny","-31.85","PLN","+566.20","Numer telefonu: +48 605 853 333 ","Lokalizacja: Adres: www.dominospizza.pl","Data i czas operacji: 2020-11-08 22:38:49","Numer referencyjny: 00000055305917314","",""
"2020-11-09","2020-11-08","Płatność kartą","-5.49","PLN","+598.05","Tytuł: 000483849 74838490313272254552279","Lokalizacja: Kraj: POLSKA Miasto: WARSZAWA Adres: ORLEN 123","Data i czas operacji: 2020-11-08 20:02:50","Oryginalna kwota operacji: 5,49 PLN","Numer karty: 425125******7471",""
"2020-11-09","2020-11-07","Płatność kartą","-121.15","PLN","+603.54","Tytuł: 74988850312496347281695","Lokalizacja: Kraj: POLSKA Miasto: WARSZAWA Adres: JMP S.A. BIEDRONKA 4751","Data i czas operacji: 2020-11-07","Oryginalna kwota operacji: 121,15 PLN","Numer karty: 425125******7471",""
"2020-11-08","2020-11-06","Płatność kartą","-25.00","PLN","+724.69","Tytuł: 000498849 74230780312086374237630","Lokalizacja: Kraj: POLSKA Miasto: WARSZAWA Adres: PASIBUS","Data i czas operacji: 2020-11-06","Oryginalna kwota operacji: 25,00 PLN","Numer karty: 425125******7471",""
"2020-11-07","2020-11-06","Płatność kartą","-23.00","PLN","+749.69","Tytuł: 000483849 74838490311271934239788","Lokalizacja: Kraj: POLSKA Miasto: Warszawa Adres: McDonalds 427 Warszawa","Data i czas operacji: 2020-11-06 19:56:22","Oryginalna kwota operacji: 23,00 PLN","Numer karty: 425125******7471",""
"2020-11-07","2020-11-05","Płatność kartą","-33.00","PLN","+772.69","Tytuł: 000498849 74230780310086329224768","Lokalizacja: Kraj: POLSKA Miasto: WARSZAWA Adres: RESTAURACJA THAISTRY","Data i czas operacji: 2020-11-05","Oryginalna kwota operacji: 33,00 PLN","Numer karty: 425125******7471",""
"2020-11-06","2020-11-06","Przelew z rachunku","-3.40","PLN","+805.69","Nazwa odbiorcy: MOBILE-TRAFFIC-DATA SP. Z O. O.","Adres odbiorcy: UL. DRUŻBICKIEGO 11 61-693 POZNAŃ","Tytuł: ZAKUP BILETU KOMUNIKACYJNEGO W APLI KACJI IKO","Referencje własne zleceniodawcy: 172266714305","",""
"2020-11-06","2020-11-05","Płatność web - kod mobilny","-17.99","PLN","+809.09","Numer telefonu: +48 605 853 333 ","Lokalizacja: Adres: Valve","Data i czas operacji: 2020-11-05 20:33:59","Numer referencyjny: 00000055241748279","",""
"2020-11-06","2020-11-05","Płatność web - kod mobilny","-99.00","PLN","+827.08","Numer telefonu: +48 605 853 333 ","Lokalizacja: Adres: konto.bik.pl","Data i czas operacji: 2020-11-05 14:41:31","Numer referencyjny: 00000055231533422","",""
"2020-11-06","2020-11-05","Płatność kartą","-3.60","PLN","+926.08","Tytuł: 000483849 74838490309271610491574","Lokalizacja: Kraj: POLSKA Miasto: WARSZAWA Adres: PIEKARNIE LUBASZKA S 21","Data i czas operacji: 2020-11-05 16:17:55","Oryginalna kwota operacji: 3,60 PLN","Numer karty: 425125******7471",""
"2020-11-06","2020-11-04","Płatność kartą","-18.95","PLN","+929.68","Tytuł: 000483849 74838490309271406156852","Lokalizacja: Kraj: POLSKA Miasto: WARSZAWA Adres: BERLIN DONER KEBAP","Data i czas operacji: 2020-11-04 17:42:38","Oryginalna kwota operacji: 18,95 PLN","Numer karty: 425125******7471",""
"2020-11-06","2020-11-06","Przelew z rachunku","-3.40","PLN","+948.63","Nazwa odbiorcy: MOBILE-TRAFFIC-DATA SP. Z O. O.","Adres odbiorcy: UL. DRUŻBICKIEGO 11 61-693 POZNAŃ","Tytuł: ZAKUP BILETU KOMUNIKACYJNEGO W APLI KACJI IKO","Referencje własne zleceniodawcy: 172266059507","",""
"2020-11-06","2020-11-04","Płatność kartą","-22.80","PLN","+952.03","Tytuł: 010061097 74169500308563098460758","Lokalizacja: Kraj: POLSKA Miasto: WARZAWA Adres: EXPRESS MARCHE ZLOTE TARA","Data i czas operacji: 2020-11-04","Oryginalna kwota operacji: 22,80 PLN","Numer karty: 425125******7471",""
"2020-11-06","2020-11-04","Płatność kartą","-21.55","PLN","+974.83","Tytuł: 010061097 74169500308573094544042","Lokalizacja: Kraj: POLSKA Miasto: WARSZAWA Adres: CARREFOUR EXPRESS 3352","Data i czas operacji: 2020-11-04","Oryginalna kwota operacji: 21,55 PLN","Numer karty: 425125******7471",""
"2020-11-05","2020-11-04","Płatność kartą","-11.99","PLN","+996.38","Tytuł: 000483849 74838490309271423025759","Lokalizacja: Kraj: POLSKA Miasto: Warszawa Adres: ROSSMANN 98","Data i czas operacji: 2020-11-04 18:40:16","Oryginalna kwota operacji: 11,99 PLN","Numer karty: 425125******7471",""
"2020-11-05","2020-11-03","Płatność kartą","-8.00","PLN","+1008.37","Tytuł: 74378830308043107692004","Lokalizacja: Kraj: POLSKA Miasto: Warszawa Adres: WYDAWNICTWO PWM","Data i czas operacji: 2020-11-03","Oryginalna kwota operacji: 8,00 PLN","Numer karty: 425125******7471",""
"2020-11-05","2020-11-03","Płatność kartą","-10.25","PLN","+1016.37","Tytuł: 010061097 74169500308533093840908","Lokalizacja: Kraj: POLSKA Miasto: WARSZAWA Adres: CARREFOUR SUPERMARKET","Data i czas operacji: 2020-11-03","Oryginalna kwota operacji: 10,25 PLN","Numer karty: 425125******7471",""
"2020-11-04","2020-11-04","Przelew z rachunku","-114.00","PLN","+1026.62","Rachunek odbiorcy: 03 1050 1285 1000 0092 2093 9327","Nazwa odbiorcy: BŁAŻEJ GOLENIEWSKI","Adres odbiorcy: GLIWICE","Tytuł: PŁATNOŚĆ IKO NA NUMER RACHUNKU","Referencje własne zleceniodawcy: 172264842358",""
"2020-11-04","2020-11-03","Płatność kartą","-21.25","PLN","+1140.62","Tytuł: 000483849 74838490307271131863527","Lokalizacja: Kraj: POLSKA Miasto: Warszawa Adres: CHMIELARNIA","Data i czas operacji: 2020-11-03 14:29:52","Oryginalna kwota operacji: 21,25 PLN","Numer karty: 425125******7471",""
"2020-11-04","2020-11-02","Płatność kartą","-17.49","PLN","+1161.87","Tytuł: 010061097 74169500307533080754451","Lokalizacja: Kraj: POLSKA Miasto: WARSZAWA Adres: CARREFOUR SUPERMARKET","Data i czas operacji: 2020-11-02","Oryginalna kwota operacji: 17,49 PLN","Numer karty: 425125******7471",""
"2020-11-03","2020-11-02","Płatność kartą","-29.00","PLN","+1179.36","Tytuł: 000483849 74838490306270917901155","Lokalizacja: Kraj: POLSKA Miasto: WARSZAWA Adres: RESTAURACJA VIA SUZINA","Data i czas operacji: 2020-11-02 14:07:50","Oryginalna kwota operacji: 29,00 PLN","Numer karty: 425125******7471",""
"2020-11-03","2020-11-01","Płatność kartą","-41.00","PLN","+1208.36","Tytuł: 000498849 74230780307086209870743","Lokalizacja: Kraj: POLSKA Miasto: WARSZAWA Adres: WK2 SP. Z O.O. S. K.","Data i czas operacji: 2020-11-01","Oryginalna kwota operacji: 41,00 PLN","Numer karty: 425125******7471",""
"2020-11-03","2020-11-03","Przelew z rachunku","-15.00","PLN","+1249.36","Rachunek odbiorcy: 85 1140 2004 0000 3202 8051 8273","Nazwa odbiorcy: MATEUSZ RUDZKI","Tytuł: PIŁKA","Referencje własne zleceniodawcy: 172263071474","",""
"2020-11-02","2020-10-31","Płatność kartą","-35.01","PLN","+1264.36","Tytuł: 010061097 74169500305533064731493","Lokalizacja: Kraj: POLSKA Miasto: WARSZAWA Adres: CARREFOUR SUPERMARKET","Data i czas operacji: 2020-10-31","Oryginalna kwota operacji: 35,01 PLN","Numer karty: 425125******7471",""
"2020-11-02","2020-10-30","Płatność kartą","-10.16","PLN","+1299.37","Tytuł: 74198810306043891653560","Lokalizacja: Kraj: HOLANDIA Miasto: 35314369001 Adres: PAYPAL *DOTT","Data i czas operacji: 2020-10-30","Oryginalna kwota operacji: 10,16 PLN","Numer karty: 425125******7471",""
"2020-11-01","2020-10-30","Płatność kartą","-13.50","PLN","+1309.53","Tytuł: 000498849 74230780304086146635152","Lokalizacja: Kraj: POLSKA Miasto: WARSZAWA Adres: ZABKA Z5546 K.2","Data i czas operacji: 2020-10-30","Oryginalna kwota operacji: 13,50 PLN","Numer karty: 425125******7471",""
"2020-11-01","2020-10-30","Płatność kartą","-33.00","PLN","+1323.03","Tytuł: 000498849 74230780304086149684967","Lokalizacja: Kraj: POLSKA Miasto: WARSZAWA Adres: RESTAURACJA THAISTRY","Data i czas operacji: 2020-10-30","Oryginalna kwota operacji: 33,00 PLN","Numer karty: 425125******7471",""
"2020-11-01","2020-10-30","Płatność kartą","-3.40","PLN","+1356.03","Tytuł: 010061097 74169500304533058201520","Lokalizacja: Kraj: POLSKA Miasto: WARSZAWA Adres: BILETOMAT","Data i czas operacji: 2020-10-30","Oryginalna kwota operacji: 3,40 PLN","Numer karty: 425125******7471",""
"2020-10-31","2020-10-29","Płatność kartą","-11.92","PLN","+1359.43","Tytuł: 010061097 74169500303533045033789","Lokalizacja: Kraj: POLSKA Miasto: WARSZAWA Adres: CARREFOUR SUPERMARKET","Data i czas operacji: 2020-10-29","Oryginalna kwota operacji: 11,92 PLN","Numer karty: 425125******7471",""
"2020-10-30","2020-10-29","Płatność kartą","-19.40","PLN","+1371.35","Tytuł: 000465556 74655560303270215832097","Lokalizacja: Kraj: POLSKA Miasto: Warszawa Adres: McDonalds 239 W-wa 35 D","Data i czas operacji: 2020-10-29 19:51:58","Oryginalna kwota operacji: 19,40 PLN","Numer karty: 425125******7471",""
"2020-10-30","2020-10-28","Płatność kartą","-38.38","PLN","+1390.75","Tytuł: 010061097 74169500301573022977493","Lokalizacja: Kraj: POLSKA Miasto: WARSZAWA Adres: CARREFOUR EXPRESS 3352","Data i czas operacji: 2020-10-28","Oryginalna kwota operacji: 38,38 PLN","Numer karty: 425125******7471",""
"2020-10-29","2020-10-28","Płatność kartą","-42.25","PLN","+1429.13","Tytuł: 000483849 74838490301269885931470","Lokalizacja: Kraj: POLSKA Miasto: Warszawa Adres: CHMIELARNIA","Data i czas operacji: 2020-10-28 13:49:15","Oryginalna kwota operacji: 42,25 PLN","Numer karty: 425125******7471",""
"2020-10-29","2020-10-27","Płatność kartą","-33.00","PLN","+1471.38","Tytuł: 000498849 74230780301086047037790","Lokalizacja: Kraj: POLSKA Miasto: WARSZAWA Adres: RESTAURACJA THAISTRY","Data i czas operacji: 2020-10-27","Oryginalna kwota operacji: 33,00 PLN","Numer karty: 425125******7471",""
"2020-10-29","2020-10-27","Płatność kartą","-1.18","PLN","+1504.38","Tytuł: 010061097 74169500300573011392929","Lokalizacja: Kraj: POLSKA Miasto: WARSZAWA Adres: CARREFOUR EXPRESS P81","Data i czas operacji: 2020-10-27","Oryginalna kwota operacji: 1,18 PLN","Numer karty: 425125******7471",""
"2020-10-28","2020-10-26","Płatność kartą","-23.21","PLN","+1505.56","Tytuł: 010061097 74169500300533011574199","Lokalizacja: Kraj: POLSKA Miasto: WARSZAWA Adres: CARREFOUR SUPERMARKET","Data i czas operacji: 2020-10-26","Oryginalna kwota operacji: 23,21 PLN","Numer karty: 425125******7471",""
"2020-10-27","2020-10-26","Płatność web - kod mobilny","-14.09","PLN","+1528.77","Numer telefonu: +48 605 853 333 ","Lokalizacja: Adres: allegro.pl","Data i czas operacji: 2020-10-26 23:11:45","Numer referencyjny: 00000055044746945","",""
"2020-10-27","2020-10-26","Płatność web - kod mobilny","-44.00","PLN","+1542.86","Numer telefonu: +48 605 853 333 ","Lokalizacja: Adres: pyszne.pl","Data i czas operacji: 2020-10-26 12:53:51","Numer referencyjny: 00000055038859485","",""
"2020-10-26","2020-10-26","Przelew z rachunku","-17.50","PLN","+1586.86","Rachunek odbiorcy: 85 1140 2004 0000 3202 8051 8273","Nazwa odbiorcy: MATEUSZ RUDZKI","Tytuł: PIŁKA + 2,5 KTÓRE PRAWIE UKRADŁEM","Referencje własne zleceniodawcy: 172256552753","",""
"2020-10-26","2020-10-25","Płatność kartą","-24.00","PLN","+1604.36","Tytuł: 000483849 74838490298269334783089","Lokalizacja: Kraj: POLSKA Miasto: WARSZAWA Adres: KAWIARNIA RELAKS 01","Data i czas operacji: 2020-10-25 14:45:07","Oryginalna kwota operacji: 24,00 PLN","Numer karty: 425125******7471",""
"2020-10-26","2020-10-24","Płatność kartą","-30.58","PLN","+1628.36","Tytuł: 010061097 74169500297582982521486","Lokalizacja: Kraj: POLSKA Miasto: WARSZAWA Adres: CARREFOUR EXPRESS 3352","Data i czas operacji: 2020-10-24","Oryginalna kwota operacji: 30,58 PLN","Numer karty: 425125******7471",""
"2020-10-25","2020-10-25","Przelew z rachunku","-3.40","PLN","+1658.94","Nazwa odbiorcy: MOBILE-TRAFFIC-DATA SP. Z O. O.","Adres odbiorcy: UL. DRUŻBICKIEGO 11 61-693 POZNAŃ","Tytuł: ZAKUP BILETU KOMUNIKACYJNEGO W APLI KACJI IKO","Referencje własne zleceniodawcy: 172256108860","",""
"2020-10-25","2020-10-24","Płatność kartą","-19.99","PLN","+1662.34","Tytuł: 000483849 74838490298269221699984","Lokalizacja: Kraj: POLSKA Miasto: WARSZAWA Adres: Salon Firmowy Homla  02","Data i czas operacji: 2020-10-24 17:04:27","Oryginalna kwota operacji: 19,99 PLN","Numer karty: 425125******7471",""
"2020-10-25","2020-10-23","Płatność kartą","-34.00","PLN","+1682.33","Tytuł: 000498849 74230780297085916819573","Lokalizacja: Kraj: POLSKA Miasto: WARSZAWA Adres: WK2 SP. Z O.O. S. K.","Data i czas operacji: 2020-10-23","Oryginalna kwota operacji: 34,00 PLN","Numer karty: 425125******7471",""
"2020-10-24","2020-10-24","Przelew z rachunku","-3.40","PLN","+1716.33","Nazwa odbiorcy: MOBILE-TRAFFIC-DATA SP. Z O. O.","Adres odbiorcy: UL. DRUŻBICKIEGO 11 61-693 POZNAŃ","Tytuł: ZAKUP BILETU KOMUNIKACYJNEGO W APLI KACJI IKO","Referencje własne zleceniodawcy: 172255496550","",""
"2020-10-24","2020-10-24","Przelew z rachunku","-3.40","PLN","+1719.73","Nazwa odbiorcy: MOBILE-TRAFFIC-DATA SP. Z O. O.","Adres odbiorcy: UL. DRUŻBICKIEGO 11 61-693 POZNAŃ","Tytuł: ZAKUP BILETU KOMUNIKACYJNEGO W APLI KACJI IKO","Referencje własne zleceniodawcy: 172255464274","",""
"2020-10-23","2020-10-22","Wypłata w bankomacie - kod mobilny","-50.00","PLN","+1723.13","Numer telefonu: +48 605 853 333 ","Lokalizacja: Kraj: POLSKA Miasto: WARSZAWA Adres: UL. MICKIEWICZA 25","Data i czas operacji: 2020-10-22 17:54:57","Bankomat: PKOBP S1WA2614","Operacja: 6605","Numer referencyjny: 00000054960828575"
"2020-10-23","2020-10-22","Płatność kartą","-5.40","PLN","+1773.13","Tytuł: 000483849 74838490295268725749470","Lokalizacja: Kraj: POLSKA Miasto: WARSZAWA Adres: PIEKARNIE LUBASZKA S 21","Data i czas operacji: 2020-10-22 18:03:07","Oryginalna kwota operacji: 5,40 PLN","Numer karty: 425125******7471",""
"2020-10-23","2020-10-21","Płatność kartą","-108.47","PLN","+1778.53","Tytuł: 74988850295496428100211","Lokalizacja: Kraj: POLSKA Miasto: WARSZAWA Adres: JMP S.A. BIEDRONKA 4751","Data i czas operacji: 2020-10-21","Oryginalna kwota operacji: 108,47 PLN","Numer karty: 425125******7471",""
"2020-10-22","2020-10-21","Płatność kartą","-29.00","PLN","+1887.00","Tytuł: 000483849 74838490294268453450987","Lokalizacja: Kraj: POLSKA Miasto: WARSZAWA Adres: RESTAURACJA VIA SUZINA","Data i czas operacji: 2020-10-21 15:51:47","Oryginalna kwota operacji: 29,00 PLN","Numer karty: 425125******7471",""
"2020-10-22","2020-10-20","Płatność kartą","-66.00","PLN","+1916.00","Tytuł: 000498849 74230780294085821411667","Lokalizacja: Kraj: POLSKA Miasto: WARSZAWA Adres: RESTAURACJA THAISTRY","Data i czas operacji: 2020-10-20","Oryginalna kwota operacji: 66,00 PLN","Numer karty: 425125******7471",""
